@article{goodfellow2014generative,
  author     = {Goodfellow, Ian and Pouget-Abadie, Jean and Mirza, Mehdi and Xu, Bing and Warde-Farley, David and Ozair, Sherjil and Courville, Aaron and Bengio, Yoshua},
  title      = {Generative adversarial networks},
  year       = {2020},
  issue_date = {November 2020},
  publisher  = {Association for Computing Machinery},
  address    = {New York, NY, USA},
  volume     = {63},
  number     = {11},
  issn       = {0001-0782},
  url        = {https://doi.org/10.1145/3422622},
  doi        = {10.1145/3422622},
  journal    = {Commun. ACM},
  month      = oct,
  pages      = {139-144},
  numpages   = {6}
}

@article{sepp1997long,
  author    = {Sepp Hochreiter and JÃ¼rgen Schmidhuber},
  journal   = {Neural Computation},
  title     = {Long Short-Term Memory},
  year      = {1997},
  number    = {8},
  volume    = {9},
  pages     = {1735-1780},
  optdoi    = {10.1162/neco.1997.9.8.1735},
  opteprint = {http://dx.doi.org/10.1162/neco.1997.9.8.1735},
  opturl    = {http://dx.doi.org/10.1162/neco.1997.9.8.1735}
}
